<?xml version="1.0" encoding="UTF-8"?><collection xmlns="http://www.loc.gov/MARC21/slim"><record><leader>00535nam--2200181-i-4500</leader><controlfield tag="001">000009693</controlfield><controlfield tag="002">20161230</controlfield><controlfield tag="005">20161230201028</controlfield><controlfield tag="008">060222s1000------------r-----000-0-eng-d</controlfield><datafield ind1=" " ind2=" " tag="040"><subfield code="a">IFIN-HH</subfield></datafield><datafield ind1=" " ind2=" " tag="080"><subfield code="a">53</subfield></datafield><datafield ind1="1" ind2=" " tag="100"><subfield code="a">Miller, Franklin, Jr</subfield></datafield><datafield ind1="1" ind2="0" tag="245"><subfield code="a">Concepts in physics. a high school physics program</subfield><subfield code="c">Franklin miller, jr., thomas j. dillon, malcom k. smith</subfield></datafield><datafield ind1=" " ind2=" " tag="260"><subfield code="a">New York</subfield><subfield code="b">Harcourt, Brace &amp; World, Inc</subfield><subfield code="c">1969</subfield></datafield><datafield ind1=" " ind2=" " tag="300"><subfield code="a">XII+500P</subfield></datafield><datafield ind1="1" ind2=" " tag="700"><subfield code="a">Smith, Malcom K</subfield></datafield><datafield ind1=" " ind2=" " tag="852"><subfield code="a">34953</subfield><subfield code="c">53</subfield></datafield><datafield ind1=" " ind2=" " tag="CAT"><subfield code="a">Sys</subfield><subfield code="c">20150310</subfield><subfield code="h">113829</subfield></datafield></record></collection>